%Bibtex HRV data base

%%bibtexfile{
%% authors = ''Rebeca Goya Esteban y Oscar Barquero Pérez'',
%% version = ''1'',
%% date = ''8 de mayo de 2003'',
%% filename = ''bsample.bib''}



@Article{HRV:EuropeanHeart,
	author ={{Task Force}},
	title ={Heart Rate Variability},
	journal ={European Heart Journal},
	volume ={17},
	pages ={354--355},
	month ={Marzo},
	year ={1996}
	}
	
@Article{HRV:AmJCardiol,
	author ={Bilchick KC and Fetics B and Djoukeng R and Gross-Fisher S and Fletcher RD and Singh SN and Nevo E and Berger RD },
	title ={Prognostic value of heart rate variability in chronic congestive heart failure 						(Veterans Affairs' Survival Trial of Antiarrhythmic Therapy in Congestive Heart Failure).},
	journal ={Am J Cardiol.},
	volume ={90(1)},
	pages ={24--28},
	year =2002
	}
	
@Book{HRV:Malik,
	author={Marek Malik},
	title={Heart Rate Variability.},
	publisher={Futura Publishing Company,Inc.},
	address={Armonk,NY.},
	year={1995},
	}
	
@PHDTHESIS{HRV:Proy2,
  author = {Ra{\'u}l Madera Tejeda~},
  year = 2002,
  title = {{AN\'ALISIS} {COMPARATIVO} {DE} {MEDIDAS} {ESPECTRALES} {DE}
          {POTENCIA} {EN} {LA} {SE\~NAL} {DE} {VARIABILIDAD} {DE} {FRECUENCIA}
          {CARD\'IACA}},
  school = {UNIVERSIDAD DE ALCAL\'A Escuela Polit\'ecnica INGENIER\'IA
           T\'ECNICA DE TELECOMUNICACI\'ON Especialidad en Sistemas de
           Telecomunicaci\'on}
}

@Book{HRV:Kantz,
  author =       "H. Kantz and Th. Schreiber",
  title =        "Nonlinear Time Series Analysis",
  publisher =    "Cambridge Univ. Press",
  address =      "Cambridge, UK",
  year =         "1997",
  keywords =     "data analysis, time series, (monograph), (c+)",
}

	
@misc{HRV:Tisean,
	author={R. Hegger and H. Kantz and T. Schreiber},
	title={Practical implementation of nonlinear time series methods: The TISEAN package, CHAOS 9, 413},
	year={1999},
	}
	
@misc{HRV:uniovi,
	author={{Universidad de Oviedo}},
	title={Geometria Fractal},
	address={Universidad de oviedo.},
	year={2003},
	howpublished = "Website",
  note = {\url{http://coco.ccu.uniovi.es/geofractal/}}
	}
	
@misc{HRV:Glosario,
	title={GLOSSARY OF TERMS USED IN TIME SERIES ANALYSIS 
OF CARDIOVASCULAR DATA.},
	author={Paolo Castiglioni},
	address={Milan},
	year={2003},
	howpublished = "Website",
  note = {\url{http://www.cbi.dongnocchi.it/glossary/Glossary.html}}
	}
	
@misc{HRV:AnaBelen,
	author={Ana Belén Rodríguez González},
	title={Memoria; Fractales, Física de sistemas complejos},
	year={2003},
	}

	
@Article{HRV:Amaral,
	author ={Plamen CH. Ivanov and Luís A. Nunes Amaral and Ary L. Goldberger and Shlomo Havlin and Michael G. Rosenblum and Zbigniew R. Struzik and H. Eugene Stanley},
	title ={Multifractality in human heartbeat dynamics},
	journal ={Nature},
	volume ={399},
	pages ={461--465},
	month ={Junio},
	year ={1999}
	}

@Book{HRV:Mallat,
  author =       "S. Mallat",
  title =        "A wavelet tour of signal processing",
  year =         "1998",
  publisher =    "Academic Press",
  address =      "San Diego, USA",
  edition=       "Second",
}

	
@article{PhysioNet,
 author = "Goldberger, A. L. and Amaral, L. A. N. and Glass, L. and
	   Hausdorff, J. M. and Ivanov, P. Ch. and Mark, R. G. and
	   Mietus, J. E. and Moody, G. B. and Peng, C.-K. and Stanley, H. E.",
 title = "{PhysioBank, PhysioToolkit, and PhysioNet}: Components of a New
	  Research Resource for Complex Physiologic Signals",
 journal = "Circulation",
 year = "2000 (June 13)",
 volume = "101",
 number = "23",
 pages = "e215--e220",
 note = "Circulation Electronic Pages:
         \url{http://circ.ahajournals.org/cgi/content/full/101/23/e215}"}

	

@Article{HRV:Kalon,
	author ={Kalon K. L. Ho, and George B. Moody and Chung-Kang Peng and Joseph E. Mietus} and Martin G. Larson and Daniel Levy and Ary L. Goldberger},
	title ={Predicting Survival in Heart Failure Case and Control Subjects by Use of Fully Automated Methods for Deriving Nonlinear and Conventional Indices of Heart Rate Dynamics
},
	journal ={Circulation},
	volume ={96},
	pages ={842--848},
	month ={Agosto},
	year ={1997}
	}	
	
@Article{HRV:Lombardi,
	author ={Federico Lombardi and Giulia Sandrone and Andrea Mortara and Daniela Torzillo and Maria Teresa La Rovere and Maria Gabriella Signori and Sergio Cerruti and Alberto Malliani},
	title ={Linear and Nonlinear Dynamics of Heart Rate Variability After Acute Myocardial Infarction With Normal and Reduced Left Ventricular Ejection Fraction},
	journal ={Am J Cardiol},
	volume ={77},
	pages ={1283--1288},
	year ={1996}
	}
	
@Article{HRV:ApEnModdy,
	author ={George B. Moody},
	title ={Approximate Entropy (ApEn)},
	journal ={PhysioNet Tutorials},
	month ={Marzo},
	year ={1996}
	}	
	
@InProceedings{Pincus91,
  author =       "S. M. Pincus",
  title =        "Approximate entropy as a measure of system
                 complexity",
  booktitle =    "Proc. Natl. Acad. Sci. USA",
  volume =       "88",
  pages =        "2297",
  year =         "1991",
  keywords =     "complexity, entropy",
}

@Book{HRV:Abarbanel96,
  author =       "H. D. I. Abarbanel",
  title =        "Analysis of Observed Chaotic Data",
  publisher =    "Springer-Verlag",
  address =      "New York Berlin Heidelberg",
  year =         "1996",
  keywords =     "data analysis, chaos, (textbook)",
}

@Article{HRV:Goldberger91,
  author =       "A. L. Goldberger",
  title =        "Is the Normal Heartbeat Chaotic or Homeostatic?",
  journal =      "News i. Phys. Sci.",
  volume =       "6",
  pages =        "87",
  year =         "1991",
  keywords =     "medicine, cardiology, nonlinear dnymaics, chaos",
}

@Techreport{HRV:Lerma01,
	author={Claudi Lerma and Daniel Olivares and César Contreras Faz and Marco V. José},
	title={Sistema de análsis no lineal de la variabilidad de la frecuencia frecuencia cardíaca},
	institution={Instituto Tecnológico de Chihuahua},
	year={2001},
}

@Techreport{HRV:Bovy04,
	author={Jo Bovy},
	title={Lyapunov Exponents and Strange Attractors in Discrete and Continuous Dynamical System},
	institution={Katholieke Universiteit Leuven},
	month={Marzo},
	year={2004},
}

@misc{HRV:Leontitsis,
	author={Alexandros Leontitsis and Tassos Bountis and Jenny Pange},
	title={Noise: A short simplified review on local estimations and reduction},
	year={2002},
}


@Book{HRV:Mandelbrot75,
  author =       "Benoît Mandelbrot",
  title =        "Los objetos fractales",
  publisher =    "Tusquets, (Metatemas)",
  address =      "Barcelona",
  year =         "2000 (5ª Edición)",
  keywords =     "data analysis, chaos, (textbook)",
}

@Article{HRV:Mallat92a,
  author =       "Stephane G. Mallat and Wen Liang Hwang",
  journal =      "IEEE Transactions on Information Theory",
  month =        mar,
  number =       "2 (Part II)",
  pages =        "617--643",
  title =        "Singularity Detection and Processing with Wavelets",
  volume =       "38",
  year =         "1992",
}

@Article{HRV:Ivanov96,
	author ={Plamen CH. Ivanov and Michael G. Rosenblum and C.--K.Peng and Shlomo Havlin and H. Eugene Stanley and Ary L. Goldberger },
	title ={Scaling behaviour of heartbeat intervals obtained by wavelet--based time--series analysis},
	journal ={Nature},
	volume ={383},
	pages ={323--327},
	month ={Septiembre},
	year ={1996}
	}
	
@article{HRV:Panda,
	author={Josefa González Carrillo and Arcadi García Alberola and Daniel Saura Espín and Pilar Carrillo Saéz and Ramón López Palop and Juan J. Sánchez Muñoz and Juan Martínez Sánchez and Mariano Valdés Chávarri},
	title={Impacto de la angioplastia primaria en la indicación de desfibrilador implantable en pacientes con infarto de miocardio},
	journal={Revista Española de Cardiología},
	volume={56(12)},
	pages={1182--1186},
	month={Agosto},
	year={2003}
	}

@Article{HRV:Abarbanel93,
  author =       "Henry D. I. Abarbanel and Reggie Brown and John J. Sidorowich and Lev Sh. Tsimring",
  journal =      "Reviews of Modern Physiscs",
  month =        "October",
  number =       "4",
  pages =        "1331--1392",
  title =        "The analysis of observed chaotic data in physical systems",
  volume =       "65",
  year =         "1993",
}

@Article{HRV:Kantz94,
  author =       "Holger Kantz and Thomas Schreiber",
  journal =      "Chaos",
  number =       "1",
  pages =        "143--154",
  title =        "Dimension estimates and physiological data",
  volume =       "5",
  year =         "1995",
}

@Article{HRV:Sprott01,
  author =       "J. C. Sprott and G.Rowlands",
  journal =      "International Journal of Bifurcation and Chaos",
  number =       "7",
  pages =        "1865--1880",
  title =        "Improved correlation dimension calculation",
  volume =       "11",
  year =         "2001",
}
@Article{HRV:Cao97,
  author =       "L. Cao",
  title =        "Practical method for determining the minimum embedding
                 dimension of a scalar time series",
  journal =      "Physica D",
  volume =       "110",
  pages =        "43--50",
  year =         "1997",
  keywords =     "data analysis, embedding dimension, number of data,
                 (methodological), (c+)",
}

@misc{HRV:Hurst,
    author = "I. Kaplan",
    title = "Estimating the Hurst Exponent Value:Why is the Hurst Exponent Interesting?",
    howpublished = "Website",
    note = {\url{http://www.bearcave.com/misl/misl_tech/wavelets/hurst/}}
}

@misc{HRV:Polikar,
    author = "Robi Polikar",
    title = "The engineer's ultimate guide to wavelet analysis. The wavelet tutorial",
    howpublished = "Website",
    note = {\url{http://users.rowan.edu/~polikar/WAVELETS/WTtutorial.html}}
}

@misc{HRV:MallatWeb,
    author = "Stéphan Mallat",
    title = "A wavelet tour of signal processing",
    howpublished = "Book website",
    note = {\url{http://cas.ensmp.fr/~chaplais/Wavetour_presentation/Wavetour_presentation_US.html}}
}

@article{HRV:Theiler90,
 author = "Theiler, J.",
 title = "Statistical Precision of Dimension Estimators",
 journal = "Phys, Rev. A",
 year = "1990",
 volume = "41",
 pages = "3038",
}

@article{HRV:Zhang93,
 author = {Su Zhang and Stanley S. Reisman and Walter N. Tapp and Pei Z. Zhang},
 title = {Correlation dimension in heart rate variability},
 journal = {IEEE},
 isbn= {0-7803-0925-1},
 year = {1993},
}

@misc{HRV:Agostini1,
 author = "A. G. Agostini and L. G. Gamero and P. Rumi",
 title = "Aplicación Clínica de la Biblioteca de Funciones VFCLab para el Análisis de la Variabilidad de la Frecuencia Cardíaca",
}

@article{HRV:Bezerianos95,
 author = "A. Bezerianos and T. Bountis and G. Papaioannou and P. Polydoropoulos",
 title = "Nonlinear time series analysis of electrocardiograms",
 journal = "Chaos",
 volume = "5",
 number = "1",
 pages = "95--101",
}

@misc{MiKTeX:miktex,
	note = {\url{http://www.miktex.org/}}
}